@article{bengio2009,
 author = {Bengio, Yoshua},
 title = {Learning Deep Architectures for AI},
 journal = {Found. Trends Mach. Learn.},
 issue_date = {January 2009},
 volume = {2},
 number = {1},
 month = jan,
 year = {2009},
 issn = {1935-8237},
 pages = {1--127},
 numpages = {127},
 url = {http://dx.doi.org/10.1561/2200000006},
 doi = {10.1561/2200000006},
 acmid = {1658424},
 publisher = {Now Publishers Inc.},
 address = {Hanover, MA, USA},
},

@incollection{alexnet,
title = {ImageNet Classification with Deep Convolutional Neural Networks},
author = {Krizhevsky, Alex and Sutskever, Ilya and Hinton, Geoffrey E},
booktitle = {Advances in Neural Information Processing Systems 25},
editor = {F. Pereira and C. J. C. Burges and L. Bottou and K. Q. Weinberger},
pages = {1097--1105},
year = {2012},
publisher = {Curran Associates, Inc.},
url = {http://papers.nips.cc/paper/4824-imagenet-classification-with-deep-convolutional-neural-networks.pdf}
},

@article{acoustic,
title	= {Deep Neural Networks for Acoustic Modeling in Speech Recognition},
author	= {Geoffrey Hinton and Li Deng and Dong Yu and George Dahl and Abdel-rahman Mohamed and Navdeep Jaitly and Andrew Senior and Vincent Vanhoucke and Patrick Nguyen and Tara Sainath and Brian Kingsbury},
year	= {2012},
journal	= {Signal Processing Magazine}
},

@inproceedings{seq2seq,
 author = {Sutskever, Ilya and Vinyals, Oriol and Le, Quoc V.},
 title = {Sequence to Sequence Learning with Neural Networks},
 booktitle = {Proceedings of the 27th International Conference on Neural Information Processing Systems - Volume 2},
 series = {NIPS'14},
 year = {2014},
 location = {Montreal, Canada},
 pages = {3104--3112},
 numpages = {9},
 url = {http://dl.acm.org/citation.cfm?id=2969033.2969173},
 acmid = {2969173},
 publisher = {MIT Press},
 address = {Cambridge, MA, USA},
},

@inproceedings{gan,
  author    = {Ian J. Goodfellow and
               Jean Pouget{-}Abadie and
               Mehdi Mirza and
               Bing Xu and
               David Warde{-}Farley and
               Sherjil Ozair and
               Aaron C. Courville and
               Yoshua Bengio},
  title     = {Generative Adversarial Nets},
  booktitle = {Advances in Neural Information Processing Systems 27: Annual Conference
               on Neural Information Processing Systems 2014, December 8-13 2014,
               Montreal, Quebec, Canada},
  pages     = {2672--2680},
  year      = {2014},
  url       = {http://papers.nips.cc/paper/5423-generative-adversarial-nets},
  timestamp = {Wed, 10 Dec 2014 21:34:12 +0100},
  biburl    = {https://dblp.org/rec/bib/conf/nips/GoodfellowPMXWOCB14},
  bibsource = {dblp computer science bibliography, https://dblp.org}
},

@inproceedings{wgan,
  author    = {Mart{\'{\i}}n Arjovsky and
               Soumith Chintala and
               L{\'{e}}on Bottou},
  title     = {Wasserstein Generative Adversarial Networks},
  booktitle = {Proceedings of the 34th International Conference on Machine Learning,
               {ICML} 2017, Sydney, NSW, Australia, 6-11 August 2017},
  pages     = {214--223},
  year      = {2017},
  url       = {http://proceedings.mlr.press/v70/arjovsky17a.html},
  timestamp = {Wed, 16 Aug 2017 11:08:55 +0200},
  biburl    = {https://dblp.org/rec/bib/conf/icml/ArjovskyCB17},
  bibsource = {dblp computer science bibliography, https://dblp.org}
},

@article{proggan,
  author    = {Tero Karras and
               Timo Aila and
               Samuli Laine and
               Jaakko Lehtinen},
  title     = {Progressive Growing of GANs for Improved Quality, Stability, and Variation},
  journal   = {CoRR},
  volume    = {abs/1710.10196},
  year      = {2017},
  url       = {http://arxiv.org/abs/1710.10196},
  archivePrefix = {arXiv},
  eprint    = {1710.10196},
  timestamp = {Mon, 13 Aug 2018 01:00:00 +0200},
  biburl    = {https://dblp.org/rec/bib/journals/corr/abs-1710-10196},
  bibsource = {dblp computer science bibliography, https://dblp.org}
},

@article{biggan,
  author    = {Andrew Brock and
               Jeff Donahue and
               Karen Simonyan},
  title     = {Large Scale {GAN} Training for High Fidelity Natural Image Synthesis},
  journal   = {CoRR},
  volume    = {abs/1809.11096},
  year      = {2018},
  url       = {http://arxiv.org/abs/1809.11096},
  archivePrefix = {arXiv},
  eprint    = {1809.11096},
  timestamp = {Fri, 05 Oct 2018 01:00:00 +0200},
  biburl    = {https://dblp.org/rec/bib/journals/corr/abs-1809-11096},
  bibsource = {dblp computer science bibliography, https://dblp.org}
},

@article{stylegan,
  author    = {Tero Karras and
               Samuli Laine and
               Timo Aila},
  title     = {A Style-Based Generator Architecture for Generative Adversarial Networks},
  journal   = {CoRR},
  volume    = {abs/1812.04948},
  year      = {2018},
  url       = {http://arxiv.org/abs/1812.04948},
  archivePrefix = {arXiv},
  eprint    = {1812.04948},
  timestamp = {Tue, 01 Jan 2019 00:00:00 +0100},
  biburl    = {https://dblp.org/rec/bib/journals/corr/abs-1812-04948},
  bibsource = {dblp computer science bibliography, https://dblp.org}
},

@article{lsgan,
  author    = {Guo{-}Jun Qi},
  title     = {Loss-Sensitive Generative Adversarial Networks on Lipschitz Densities},
  journal   = {CoRR},
  volume    = {abs/1701.06264},
  year      = {2017},
  url       = {http://arxiv.org/abs/1701.06264},
  archivePrefix = {arXiv},
  eprint    = {1701.06264},
  timestamp = {Mon, 13 Aug 2018 16:49:05 +0200},
  biburl    = {https://dblp.org/rec/bib/journals/corr/Qi17},
  bibsource = {dblp computer science bibliography, https://dblp.org}
},

@article{ganreview,
  author    = {Antonia Creswell and
               Tom White and
               Vincent Dumoulin and
               Kai Arulkumaran and
               Biswa Sengupta and
               Anil A. Bharath},
  title     = {Generative Adversarial Networks: An Overview},
  journal   = {CoRR},
  volume    = {abs/1710.07035},
  year      = {2017},
  url       = {http://arxiv.org/abs/1710.07035},
  archivePrefix = {arXiv},
  eprint    = {1710.07035},
  timestamp = {Mon, 13 Aug 2018 16:47:22 +0200},
  biburl    = {https://dblp.org/rec/bib/journals/corr/abs-1710-07035},
  bibsource = {dblp computer science bibliography, https://dblp.org}
},

@article{principledmethods,
  author    = {Mart{\'{\i}}n Arjovsky and
               L{\'{e}}on Bottou},
  title     = {Towards Principled Methods for Training Generative Adversarial Networks},
  journal   = {CoRR},
  volume    = {abs/1701.04862},
  year      = {2017},
  url       = {http://arxiv.org/abs/1701.04862},
  archivePrefix = {arXiv},
  eprint    = {1701.04862},
  timestamp = {Mon, 13 Aug 2018 01:00:00 +0200},
  biburl    = {https://dblp.org/rec/bib/journals/corr/ArjovskyB17},
  bibsource = {dblp computer science bibliography, https://dblp.org}
},

@inproceedings{improved_wgan,
  author    = {Ishaan Gulrajani and
               Faruk Ahmed and
               Mart{\'{\i}}n Arjovsky and
               Vincent Dumoulin and
               Aaron C. Courville},
  title     = {Improved Training of Wasserstein GANs},
  booktitle = {Advances in Neural Information Processing Systems 30: Annual Conference
               on Neural Information Processing Systems 2017, 4-9 December 2017,
               Long Beach, CA, {USA}},
  pages     = {5769--5779},
  year      = {2017},
  url       = {http://papers.nips.cc/paper/7159-improved-training-of-wasserstein-gans},
  timestamp = {Mon, 27 Nov 2017 12:38:16 +0100},
  biburl    = {https://dblp.org/rec/bib/conf/nips/GulrajaniAADC17},
  bibsource = {dblp computer science bibliography, https://dblp.org}
},

@inproceedings{leastgan,
  author    = {Xudong Mao and
               Qing Li and
               Haoran Xie and
               Raymond Y. K. Lau and
               Zhen Wang and
               Stephen Paul Smolley},
  title     = {Least Squares Generative Adversarial Networks},
  booktitle = {{ICCV}},
  pages     = {2813--2821},
  publisher = {{IEEE} Computer Society},
  year      = {2017}
},

@article{sngan,
  author    = {Takeru Miyato and
               Toshiki Kataoka and
               Masanori Koyama and
               Yuichi Yoshida},
  title     = {Spectral Normalization for Generative Adversarial Networks},
  journal   = {CoRR},
  volume    = {abs/1802.05957},
  year      = {2018}
},

@article{dcgan,
  author    = {Alec Radford and
               Luke Metz and
               Soumith Chintala},
  title     = {Unsupervised Representation Learning with Deep Convolutional Generative
               Adversarial Networks},
  journal   = {CoRR},
  volume    = {abs/1511.06434},
  year      = {2015}
},

@article{bigan,
  title={Adversarial Feature Learning},
  author={Jeff Donahue and Philipp Kr{\"a}henb{\"u}hl and Trevor Darrell},
  journal={CoRR},
  year={2017},
  volume={abs/1605.09782}
},

@article{ali,
  title={Adversarially Learned Inference},
  author={Vincent Dumoulin and Ishmael Belghazi and Ben Poole and Alex Lamb and Mart{\'i}n Arjovsky and Olivier Mastropietro and Aaron C. Courville},
  journal={CoRR},
  year={2017},
  volume={abs/1606.00704}
},

@article{ganreview2,
 author = {Hong, Yongjun and Hwang, Uiwon and Yoo, Jaeyoon and Yoon, Sungroh},
 title = {How Generative Adversarial Networks and Their Variants Work: An Overview},
 journal = {ACM Comput. Surv.},
 issue_date = {February 2019},
 volume = {52},
 number = {1},
 month = feb,
 year = {2019},
 issn = {0360-0300},
 pages = {10:1--10:43},
 articleno = {10},
 numpages = {43},
 url = {http://doi.acm.org/10.1145/3301282},
 doi = {10.1145/3301282},
 acmid = {3301282},
 publisher = {ACM},
 address = {New York, NY, USA},
 keywords = {Generative adversarial networks, domain adaptation, integral probability metric, mode collapse, semi-supervised learning, variational auto-encoder},
},

@article{ganreview3,
  author    = {Karol Kurach and
               Mario Lucic and
               Xiaohua Zhai and
               Marcin Michalski and
               Sylvain Gelly},
  title     = {The {GAN} Landscape: Losses, Architectures, Regularization, and Normalization},
  journal   = {CoRR},
  volume    = {abs/1807.04720},
  year      = {2018}
},

@inproceedings{infogan,
  author    = {Xi Chen and
               Yan Duan and
               Rein Houthooft and
               John Schulman and
               Ilya Sutskever and
               Pieter Abbeel},
  title     = {InfoGAN: Interpretable Representation Learning by Information Maximizing
               Generative Adversarial Nets},
  booktitle = {{NIPS}},
  pages     = {2172--2180},
  year      = {2016}
},

@article{sagan,
  author    = {Han Zhang and
               Ian J. Goodfellow and
               Dimitris N. Metaxas and
               Augustus Odena},
  title     = {Self-Attention Generative Adversarial Networks},
  journal   = {CoRR},
  volume    = {abs/1805.08318},
  year      = {2018}
},

@inproceedings{improvedtechniques,
 author = {Salimans, Tim and Goodfellow, Ian and Zaremba, Wojciech and Cheung, Vicki and Radford, Alec and Chen, Xi},
 title = {Improved Techniques for Training GANs},
 booktitle = {Proceedings of the 30th International Conference on Neural Information Processing Systems},
 series = {NIPS'16},
 year = {2016},
 isbn = {978-1-5108-3881-9},
 location = {Barcelona, Spain},
 pages = {2234--2242},
 numpages = {9},
 url = {http://dl.acm.org/citation.cfm?id=3157096.3157346},
 acmid = {3157346},
 publisher = {Curran Associates Inc.},
 address = {USA},
},

@inproceedings{twotimes,
  author    = {Martin Heusel and
               Hubert Ramsauer and
               Thomas Unterthiner and
               Bernhard Nessler and
               Sepp Hochreiter},
  title     = {GANs Trained by a Two Time-Scale Update Rule Converge to a Local Nash
               Equilibrium},
  booktitle = {{NIPS}},
  pages     = {6629--6640},
  year      = {2017}
},

@article{twosample,
  title={Revisiting classifier two-sample tests},
  author={Lopez-Paz, David and Oquab, Maxime},
  journal={arXiv preprint arXiv:1610.06545},
  year={2016}
},

@article{evalreview,
  author    = {Ali Borji},
  title     = {Pros and Cons of {GAN} Evaluation Measures},
  journal   = {CoRR},
  volume    = {abs/1802.03446},
  year      = {2018}
},

@inproceedings{celeba,
 author = {Ziwei Liu and Ping Luo and Xiaogang Wang and Xiaoou Tang},
 title = {Deep Learning Face Attributes in the Wild},
 booktitle = {Proceedings of International Conference on Computer Vision (ICCV)},
 month = December,
 year = {2015} 
},

@article{mnist,
  author = {LeCun, Yann and Cortes, Corinna},
  biburl = {https://www.bibsonomy.org/bibtex/2935bad99fa1f65e03c25b315aa3c1032/mhwombat},
  groups = {public},
  howpublished = {http://yann.lecun.com/exdb/mnist/},
  interhash = {21b9d0558bd66279df9452562df6e6f3},
  intrahash = {935bad99fa1f65e03c25b315aa3c1032},
  keywords = {MSc _checked character_recognition mnist network neural},
  lastchecked = {2016-01-14 14:24:11},
  timestamp = {2016-07-12T19:25:30.000+0200},
  title = {{MNIST} handwritten digit database},
  url = {http://yann.lecun.com/exdb/mnist/},
  username = {mhwombat},
  year = 2010
},

@article{adam,
  author    = {Diederik P. Kingma and
               Jimmy Ba},
  title     = {Adam: {A} Method for Stochastic Optimization},
  journal   = {CoRR},
  volume    = {abs/1412.6980},
  year      = {2014}
},

@inproceedings{amsgrad,
title={On the Convergence of Adam and Beyond},
author={Sashank J. Reddi and Satyen Kale and Sanjiv Kumar},
booktitle={International Conference on Learning Representations},
year={2018},
url={https://openreview.net/forum?id=ryQu7f-RZ},
},

@article{huszar15,
  author    = {Ferenc Huszar},
  title     = {How (not) to Train your Generative Model: Scheduled Sampling, Likelihood,
               Adversary?},
  journal   = {CoRR},
  volume    = {abs/1511.05101},
  year      = {2015}
},

@article{cganprojection,
  author    = {Takeru Miyato and
               Masanori Koyama},
  title     = {cGANs with Projection Discriminator},
  journal   = {CoRR},
  volume    = {abs/1802.05637},
  year      = {2018}
},

@article{cganmirza,
  title={Conditional Generative Adversarial Nets},
  author={Mehdi Mirza and Simon Osindero},
  journal={CoRR},
  year={2014},
  volume={abs/1411.1784}
},

@article{me,
 author = {Jacobs, Robert A. and Jordan, Michael I. and Nowlan, Steven J. and Hinton, Geoffrey E.},
 title = {Adaptive Mixtures of Local Experts},
 journal = {Neural Comput.},
 issue_date = {Spring 1991},
 volume = {3},
 number = {1},
 month = mar,
 year = {1991},
 issn = {0899-7667},
 pages = {79--87},
 numpages = {9},
 url = {http://dx.doi.org/10.1162/neco.1991.3.1.79},
 doi = {10.1162/neco.1991.3.1.79},
 acmid = {1351018},
 publisher = {MIT Press},
 address = {Cambridge, MA, USA},
},

@article{hme,
 author = {Jordan, Michael I. and Jacobs, Robert A.},
 title = {Hierarchical Mixtures of Experts and the EM Algorithm},
 journal = {Neural Comput.},
 issue_date = {March 1994},
 volume = {6},
 number = {2},
 month = mar,
 year = {1994},
 issn = {0899-7667},
 pages = {181--214},
 numpages = {34},
 url = {http://dx.doi.org/10.1162/neco.1994.6.2.181},
 doi = {10.1162/neco.1994.6.2.181},
 acmid = {188106},
 publisher = {MIT Press},
 address = {Cambridge, MA, USA},
},

@inproceedings{sdt,
  title={Soft decision trees},
  author={Irsoy, Ozan and Yildiz, Olcay Taner and Alpaydin, Ethem},
  booktitle={International Conference on Pattern Recognition},
  year={2012}
},

@inproceedings{budding,
  title={Budding trees},
  author={Irsoy, Ozan and Yildiz, Olcay Taner and Alpaydin, Ethem},
  booktitle={International Conference on Pattern Recognition},
  year={2014}
},

@article{mnist,
  added-at = {2010-06-28T21:16:30.000+0200},
  author = {LeCun, Yann and Cortes, Corinna},
  biburl = {https://www.bibsonomy.org/bibtex/2935bad99fa1f65e03c25b315aa3c1032/mhwombat},
  groups = {public},
  howpublished = {http://yann.lecun.com/exdb/mnist/},
  interhash = {21b9d0558bd66279df9452562df6e6f3},
  intrahash = {935bad99fa1f65e03c25b315aa3c1032},
  keywords = {MSc _checked character_recognition mnist network neural},
  lastchecked = {2016-01-14 14:24:11},
  timestamp = {2016-07-12T19:25:30.000+0200},
  title = {{MNIST} handwritten digit database},
  url = {http://yann.lecun.com/exdb/mnist/},
  username = {mhwombat},
  year = 2010
},

@online{fashion,
  author       = {Han Xiao and Kashif Rasul and Roland Vollgraf},
  title        = {Fashion-MNIST: a Novel Image Dataset for Benchmarking Machine Learning Algorithms},
  date         = {2017-08-28},
  year         = {2017},
  eprintclass  = {cs.LG},
  eprinttype   = {arXiv},
  eprint       = {cs.LG/1708.07747},
},

@InProceedings{utzap50k,
  author = {A. Yu and K. Grauman},
  title = {Fine-Grained Visual Comparisons with Local Learning},
  booktitle = {Computer Vision and Pattern Recognition (CVPR)},
  month = {Jun},
  year = {2014}
},

@InProceedings{flowers,
   author = "Nilsback, M-E. and Zisserman, A.",
   title = "Automated Flower Classification over a Large Number of Classes",
   booktitle = "Proceedings of the Indian Conference on Computer Vision, Graphics and Image Processing",
   year = "2008",
   month = "Dec"
},

@inproceedings{celeba,
 author = {Ziwei Liu and Ping Luo and Xiaogang Wang and Xiaoou Tang},
 title = {Deep Learning Face Attributes in the Wild},
 booktitle = {Proceedings of International Conference on Computer Vision (ICCV)},
 month = December,
 year = {2015} 
},

@inproceedings{vae,
  author    = {Diederik P. Kingma and
               Max Welling},
  title     = {Auto-Encoding Variational Bayes},
  booktitle = {2nd International Conference on Learning Representations, {ICLR} 2014,
               Banff, AB, Canada, April 14-16, 2014, Conference Track Proceedings},
  year      = {2014},
  crossref  = {DBLP:conf/iclr/2014},
  url       = {http://arxiv.org/abs/1312.6114},
  timestamp = {Thu, 04 Apr 2019 13:20:07 +0200},
  biburl    = {https://dblp.org/rec/bib/journals/corr/KingmaW13},
  bibsource = {dblp computer science bibliography, https://dblp.org}
},

@InProceedings{madgan,
author = {Ghosh, Arnab and Kulharia, Viveka and Namboodiri, Vinay P. and Torr, Philip H.S. and Dokania, Puneet K.},
title = {Multi-Agent Diverse Generative Adversarial Networks},
booktitle = {The IEEE Conference on Computer Vision and Pattern Recognition (CVPR)},
month = {June},
year = {2018}
},

@inproceedings{megan,
  title     = {MEGAN: Mixture of Experts of Generative Adversarial Networks for Multimodal Image Generation},
  author    = {David Keetae Park and Seungjoo Yoo and Hyojin Bahng and Jaegul Choo and Noseong Park},
  booktitle = {Proceedings of the Twenty-Seventh International Joint Conference on
               Artificial Intelligence, {IJCAI-18}},
  publisher = {International Joint Conferences on Artificial Intelligence Organization},             
  pages     = {878--884},
  year      = {2018},
  month     = {7},
  doi       = {10.24963/ijcai.2018/122},
  url       = {https://doi.org/10.24963/ijcai.2018/122},
},

@inproceedings{mgan,
title={{MGAN}: Training Generative Adversarial Nets with Multiple Generators},
author={Quan Hoang and Tu Dinh Nguyen and Trung Le and Dinh Phung},
booktitle={International Conference on Learning Representations},
year={2018},
url={https://openreview.net/forum?id=rkmu5b0a-},
}




